@Book{appel2004,
author = {Andrew W. Appel and Jens Palsberg},
ALTeditor = {},
title = {Modern Compiler Implementation in Java},
publisher = {Cambridge University Press},
year = {2004},
OPTkey = {},
OPTvolume = {},
OPTnumber = {},
OPTseries = {},
OPTaddress = {},
edition = {2nd},
OPTmonth = {},
OPTnote = {},
OPTannote = {}
}

@Book{martin2002,
author = {Robert C. Martin},
ALTeditor = {},
title = {The Visitor Family of Design Patterns. Rough chapter from The Principles, Patterns, and Practices of Agile Software Development},
publisher = {Prentice Hall},
year = {2002},
OPTkey = {},
OPTvolume = {},
OPTnumber = {},
OPTseries = {},
OPTaddress = {http://www.objectmentor.com/resources/articles/visitor.pdf},
edition = {},
OPTmonth = {},
OPTnote = {},
OPTannote = {}
}
